@MISC{Note1,note="In higher dimensional philosophical spaces, the middle-hyperplane defined by the points which are at equal distances to both $\protect \mathaccentV {vec}17E{v_i}$ and $\protect \mathaccentV {vec}17E{v_j}$ should be used instead of the middle-line."}
