@Book{Deleuze,
  author =       {G. Deleuze},
  title =        {Difference and Repetition},
  publisher =    {Continuum},
  year =         1968,
}

@Book{Saussure,
  author =       {F. de Saussure},
  title =        {Course in General Linguistics},
  publisher =    {Books LLC},
  year =         1916,
}

@Book{Papoulis,
  author =       {A. Papoulis \and S. U. Pillai},
  title =        {Probability, Random Variables and Stochastic
                  Processes},
  publisher =    {McGraw Hill Higher Education},
  year =         2002,
}

@Book{Wichern,
  author =       {R. A. Johnson \and D. W. Wichern},
  title =        {Applied Multivariate Statistical Analysis},
  publisher =    {Prentice Hall},
  year =         2007,
}

@Book{Therrien,
  author =       {C. W. Therrien},
  title =        {Discrete Random Signals and Statistical Signal
                  Processing},
  publisher =    {Prentice Hall},
  year =         1992,
}

@Book{Duda,
  author =       {R. O. Duda \and P. E. Hart \and D. G. Stork},
  title =        {Pattern Classification},
  publisher =    {Wiley-Interscience},
  year =         2000,
}

@Book{Costa,
  author =       {L. da F. Costa \and R. M. C. Jr.},
  title =        {Shape Analysis and Classification: Theory and
                  Practice (Image Processing Series)},
  publisher =    {CRC Press},
  year =         2000,
}
% provavelmente nao irei precisar:

@Book{Papineau,
  author =       {D. Papineau},
  title =        {Philosophy},
  publisher =    {Oxford University Press},
  year =         2009,
}
% provavelmente nao irei precisar:

@Book{Russel,
  author =       {B. Russel},
  title =        {A History of Western Philosophy},
  publisher =    {Simon and Schuster Touchstone},
  year =         1967,
}
% provavelmente nao irei precisar:

@Book{Deleuze2,
  author =       {F. G. G. Deleuze},
  title =        {What Is Philosophy?},
  publisher =    {Simon and Schuster Touchstone},
  year =         1991,
}
